@ARTICLE{Silicon,
AUTHOR={E.FRITSCH and R. MUNIAGURRIA and R. OLIVEIRA},
TITLE={Silicon Child},
JOURNAL={Anais do Décimo Simpósio Brasileiro de Computação Musical (SBCM)},
PAGES= {PUC - Belo Horizonte, Brasil. p.249--255},
YEAR={2005}
}

@inproceedings{FeiraIC,
	title = {Música Eletroacústica Experimental},
	author = {Rodrigo Avellar Muniagurria},
	booktitle = {XVII Salão de Iniciação Científica e XIV Feira de Iniciação Científica},
	address = {Porto Alegre, Brasil},
	year = {2005}
}

@inproceedings{augm,
    title={Música Eletroacústica Experimental},
    author={Rodrigo Avellar Muniagurria},
    booktitle={Libro de Resúmenes - XIII Jornadas de Jóvenes Investigadores de AUGM. Universidad Nacional de Tucumán},
    address = {Tucumán, Argentina},
	year = {2005}
}

@inproceedings{ipa,
    title={A Função da Música na Educação},
    author={Rodrigo Avellar Muniagurria},
    booktitle={VII Semana Acadêmica do Curso de Pedagogia: Pedagogos do Séc. XXI: A arte de repensar a educação. Palestra conferida no Centro Universitário Metodista IPA},
    address = {Porto Alegre, Brasil},
	year = {2011}
}